@article{Ajami2007,
author = {Ajami, Newsha K. and Duan, Qingyun and Sorooshian, Soroosh},
doi = {10.1029/2005WR004745},
journal = {WATER RESOURCES RESEARCH},
number = {},
pages = {W01403},
title = {{An integrated hydrologic Bayesian multimodel combination framework: Confronting input, parameter, and model structural uncertainty in hydrologic prediction}},
volume = {43},
year = {2007}
}

@article{Aspinall2010,
author = {Aspinall, W.P.},
journal = {Nature},
number = {},
pages = {294--295},
title = {{A route to a more tractable expert advice.}},
volume = {463},
year = {2010}
}

@article{Balmforth2004,
author = {Balmforth, N. J. and Liu, J. J.},
doi = {},
journal = {Journal of Fluid Mechanics},
number = {},
pages = {33--54},
title = {{Roll waves in mud.}},
volume = {519},
year = {2004}
}

@article {Bevilacqua2015,
author = {Bevilacqua, Andrea and Isaia, Roberto and Neri, Augusto and Vitale, Stefano and Aspinall, Willy P. and Bisson, Marina and Flandoli, Franco and Baxter, Peter J. and Bertagnini, Antonella and Esposti Ongaro, Tomaso and Iannuzzi, Enrico and Pistolesi, Marco and Rosi, Mauro},
title = {Quantifying volcanic hazard at Campi Flegrei caldera (Italy) with uncertainty assessment: 1. Vent opening maps},
journal = {Journal of Geophysical Research: Solid Earth},
volume = {120},
number = {4},
issn = {2169-9356},
url = {http://dx.doi.org/10.1002/2014JB011775},
doi = {10.1002/2014JB011775},
pages = {2309--2329},
year = {2015},
note = {2014JB011775},
}

@article{Bevilacqua2016,
author = {Bevilacqua, Andrea and Flandoli, Franco and Neri, Augusto and Isaia, Roberto and Vitale, Stefano},
title = {Temporal models for the episodic volcanism of Campi Flegrei caldera (Italy) with uncertainty quantification},
journal = {Journal of Geophysical Research: Solid Earth},
volume = {121},
number = {11},
issn = {2169-9356},
url = {http://dx.doi.org/10.1002/2016JB013171},
doi = {10.1002/2016JB013171},
pages = {7821--7845},
year = {2016},
note = {2016JB013171},
}

@book{BevilacquaPhD,
  title={Doubly Stochastic Models for Volcanic Hazard Assessment at Campi Flegrei Caldera},
  author={Bevilacqua, A.},
  isbn={9788876425776},
  series={Publications of the Scuola Normale Superiore},
  url={https://books.google.com/books?id=6PogDAAAQBAJ},
  year={2016},
  publisher={Scuola Normale Superiore}
}

@article{Carlin1995,
author = {Carlin, David and Chib, Siddhartha},
doi = {10.2307/1403615},
journal = {Journal of the Royal Statistical Society},
number = {3},
pages = {473--484},
title = {{Bayesian Model Choice via Markov Chain Monte Carlo Methods}},
url = {http://www.jstor.org/stable/2346151},
series = {B (Methodological)},
volume = {57},
year = {1995}
}

@article{Christen2010,
author = {Christen, M. and Bartelt, P. and Kowalski, J.},
doi = { http://dx.doi.org/10.3189/172756410791386553},
journal = {Annals of Glaciology},
number = {54},
pages = {161--168},
title = {{Back calculation of the In den Arelen avalanche with RAMMS: interpretation of model results}},
volume = {51},
year = {2010}
}

@book{Cooke1991,
  title={Experts in Uncertainty: Opinion and Subjective Probability in Science},
  author={Cooke, R.M.},
  isbn={9780195064650},
  lccn={lc90022493},
  series={Environmental ethics and science policy},
  url={https://books.google.com/books?id=5nDmCwAAQBAJ},
  year={1991},
  publisher={Oxford University Press}
}

@book{Cox1980,
  title={Point Processes},
  author={Cox, D.R. and Isham, V.},
  isbn={9780412219108},
  lccn={81188647},
  series={Chapman \& Hall/CRC Monographs on Statistics \& Applied Probability},
  url={https://books.google.com/books?id=KWF2xY6s3PoC},
  year={1980},
  publisher={Taylor \& Francis}
}

@article{Davis1998,
author = {Davis, S. F.},
doi = {10.1137/0909030},
journal = {SIAM Journal on Scientific and Statistical Computing},
number = {3},
pages = {445--473},
title = {{Simplified second order Godunov type methods.}},
volume = {9},
year = {1998}
}

@article{Eglit1980,
author = {Eglit, M. E. and Sveshnikova, Ye I.},
journal = {Materialy Glyatsiologicheskikh Issledovaniy, Khronika Obsuzhdeniya},
pages = {79--84},
title = {{Matematicheskoye modelirovaniye snezhnykh lavin; mathematical modeling of snow avalanches}},
volume = {38},
year = {1980}
}

@article{Flandoli2011,
title = {{Comparison of a new expert elicitation model with the Classical Model, equal weights and single experts, using a cross-validation technique}},
journal = {Reliability Engineering \& System Safety },
volume = {96},
number = {10},
pages = {1292--1310},
year = {2011},
issn = {0951-8320},
doi = {http://dx.doi.org/10.1016/j.ress.2011.05.012},
url = {//www.sciencedirect.com/science/article/pii/S0951832011001104},
author = {F. Flandoli and E. Giorgi and W.P. Aspinall and A. Neri}
}

@article{GDRMiDi2004,
author = {GDR MiDi},
doi = {10.1140/epje/i2003-10153-0},
journal = {The European Physical Journal E},
number = {},
pages = {341--365},
title = {{On dense granular flows}},
volume = {14},
year = {2004}
}


@article{Hoeting1999,
author = {Hoeting, Jennifer A. and Madigan, David and Raftery, Adrian E. and Volinsky, Chris T.},
journal = {Statistical Science},
number = {4},
pages = {382--401},
title = {{Bayesian Model Averaging: A Tutorial}},
url = {http://www.jstor.org/stable/2676803},
publisher = {Institute of Mathematical Statistics},
volume = {14},
year = {1999}
}

@article{Kerle2002,
author = {Kerle, Norman and Oppenheimer, Clive},
journal = {Disasters},
number = {2},
pages = {140--160},
title = {{Satellite remote sensing as a tool in lahar disaster management.}},
volume = {26},
year = {2002}
}

@article {Kadane1998,
author = {Kadane, Joseph and  Wolfson, Lara J.},
title = {Experiences in elicitation},
journal = {Journal of the Royal Statistical Society: Series D (The Statistician)},
volume = {47},
number = {1},
publisher = {Blackwell Publishers Ltd},
issn = {1467-9884},
url = {http://dx.doi.org/10.1111/1467-9884.00113},
doi = {10.1111/1467-9884.00113},
pages = {3--19},
keywords = {Demography, Expert opinion, Prior probability, Probability assessment, Time series},
year = {1998},
}

@article{Madankan2014,
author = {Madankan, R. and Pouget, S. and Singla, P. and Bursik, M. and Dehn, J. and Jones, M. and Patra, A. and Pavolonisf, M. and Pitman, E.B. and Singh, T. and Webley, P.},
doi = {http://dx.doi.org/10.1016/j.jcp.2013.11.032},
journal = {Journal of Computational Physics},
number = {},
pages = {39--59},
title = {{Computation of probabilistic hazard maps and source parameter estimation for volcanic ash transport and dispersion}},
volume = {271},
year = {2014}
}

@article{Madigan1995,
author = {Madigan, Bradley P. and York, Jeremy and Allard, Denis},
doi = {10.2307/1403615},
journal = {International Statistical Review },
number = {2},
pages = {215--232},
title = {{Bayesian Graphical Models for Discrete Data}},
url = {http://www.jstor.org/stable/1403615},
volume = {63},
year = {1995}
}

@article{Marzocchi2012,
author={Marzocchi, Warner
and Bebbington, Mark S.},
title={{Probabilistic eruption forecasting at short and long time scales}},
journal={Bulletin of Volcanology},
year={2012},
volume={74},
number={8},
pages={1777--1805},
issn={1432-0819},
doi={10.1007/s00445-012-0633-x},
url={http://dx.doi.org/10.1007/s00445-012-0633-x}
}

@manual{MPErK2008,
author = {Han, Gang and Santner, Thomas J.},
title = {{MATLAB Parametric Empirical Kriging (MPErK) User's Guide}},
year = {2008}
}

@article {Neri2015,
author = {Neri, Augusto and Bevilacqua, Andrea and Esposti Ongaro, Tomaso and Isaia, Roberto and Aspinall, Willy P. and Bisson, Marina and Flandoli, Franco and Baxter, Peter J. and Bertagnini, Antonella and Iannuzzi, Enrico and Orsucci, Simone and Pistolesi, Marco and Rosi, Mauro and Vitale, Stefano},
title = {Quantifying volcanic hazard at Campi Flegrei caldera (Italy) with uncertainty assessment: 2. Pyroclastic density current invasion maps},
journal = {Journal of Geophysical Research: Solid Earth},
volume = {120},
number = {4},
issn = {2169-9356},
url = {http://dx.doi.org/10.1002/2014JB011776},
doi = {10.1002/2014JB011776},
pages = {2330--2349},
year = {2015},
note = {2014JB011776},
}

@article{Neumann2003,
author = {Neumann, S. P.},
doi = {10.1007/s00477-003-0151-7},
journal = {Stochastic Environmental Research and Risk Assessment},
pages = {291--305},
title = {{Maximum likelihood Bayesian averaging of uncertain model predictions}},
volume = {17},
number = {5},
year = {2003}
}

@book{OHagan2006,
title = {Uncertain Judgements: Eliciting Experts' Probabilities},
author = {O'Hagan, Anthony and Buck, Caitlin E. and Daneshkhah, Alireza and Eiser, J. Richard and Garthwaite, Paul H. and Jenkinson, David J. and Oakley, Jeremy E. and Rakow, Tim},
publisher = {John Wiley \& Sons, Ltd},
isbn = {9780470033319},
url = {http://dx.doi.org/10.1002/0470033312},
doi = {10.1002/0470033312},
year = {2006}
}

@article{OliverMoser2011,
author={Todd A Oliver and Robert D Moser},
title={Bayesian uncertainty quantification applied to RANS turbulence models},
journal={Journal of Physics: Conference Series},
volume={318},
number={4},
pages={042032},
url={http://stacks.iop.org/1742-6596/318/i=4/a=042032},
year={2011}
}

@article{Raftery2005,
author = {Raftery, Adrian E. and Gneiting, Tilmann and Balabdaoui, Fadoua and Polakowski, Michael},
doi = {10.1175/MWR2906.1},
journal = {Monthly Weather Review},
pages = {1155--1174},
title = {{Using Bayesian model averaging to calibrate forecast ensembles}},
url = {http://dx.doi.org/10.1175/MWR2906.1},
volume = {133},
year = {2005}
}

@article{Rankine1857,
author = {Rankine, W. J. M.},
journal = {Phil. Trans. R. Soc. Lond.},
number = {2},
pages = {9--27},
title = {{On the Stability of Loose Earth.}},
url = {},
volume = {147},
year = {1857}
}

@article{Rupp2003,
author = {Rupp, B. and Bursik, M. and Patra, A. K. and Pitman, B. and Bauer, A. and Nichita, C. and Saucedo, R. and Macias, J.},
journal = {Geophysical Research Abstracts},
month = mar,
pages = {128--157},
title = {{Simulation Of Pyroclastic Flows Of Colima Volcano, Mexico, Using The Titan2d Program}},
volume = {5},
year = {2003}
}

@article{Saucedo2008,
author = {Saucedo, R. and  Mac\`ias, J. L. and Sarocchi, D. and M. Bursik, M. and Rupp, B.},
doi = {10.1016/j.jvolgeores.2007.12.045},
journal = {Journal of Volcanology and Geothermal Research},
number = {},
pages = {69--83},
title = {{The rain-triggered Atenquique volcaniclastic debris flow of October 16, 1955 at Nevado de Colima Volcano, Mexico}},
volume = {173},
year = {2008}
}

@article{Selva2012,
author={Selva, Jacopo
and Orsi, Giovanni
and Di Vito, Mauro Antonio
and Marzocchi, Warner
and Sandri, Laura},
title={Probability hazard map for future vent opening at the Campi Flegrei caldera, Italy},
journal={Bulletin of Volcanology},
year={2012},
volume={74},
number={2},
pages={497--510},
issn={1432-0819},
doi={10.1007/s00445-011-0528-2},
url={http://dx.doi.org/10.1007/s00445-011-0528-2}
}

@Inbook{Stefanescu2015,
author={Stefanescu, E. Ramona and Patra, Abani and Pitman, E. Bruce and Bursik, Marcus and Singla, Puneet and Singh, Tarunraj},
editor={Ravela, Sai
and Sandu, Adrian},
title={{Multiscale Method for Hazard Map Construction}},
bookTitle={Dynamic Data-Driven Environmental Systems Science: First International Conference, DyDESS 2014, Cambridge, MA, USA, November 5-7, 2014, Revised Selected Papers},
year={2015},
publisher={Springer International Publishing},
address={Cham},
pages={41--53},
isbn={978-3-319-25138-7},
doi={10.1007/978-3-319-25138-7_5},
url={http://dx.doi.org/10.1007/978-3-319-25138-7_5}
}

@book{Toro2001,
address = {New York},
author = {Toro, E F},
publisher = {Wiley},
title = {{Shock-Capturing Methods for Free-Surface Shallow Flows}},
year = {2001}
}


@article{Vallance2000,
author = {Vallance, James W.},
journal = {The Encyclopedia of Volcanoes},
pages = {601--616},
title = {{Lahars.}},
publisher = {Academic Press},
year = {2000}
}
